@inproceedings{730947,
 author = {Sander,, Georg},
 title = {Graph Layout through the VCG Tool},
 booktitle = {GD '94: Proceedings of the DIMACS International Workshop on Graph Drawing},
 year = {1995},
 isbn = {3-540-58950-3},
 pages = {194--205},
 publisher = {Springer-Verlag},
 address = {London, UK},
 }

@inproceedings{656027,
 author = {Antoniol,, Giuliano and Fiutem,, Roberto and Lutteri,, G. and Tonella,, Paolo and Zanfei,, S. and Merlo,, Ettore},
 title = {Program Understanding and Maintenance with the CANTO Environment},
 booktitle = {ICSM '97: Proceedings of the International Conference on Software Maintenance},
 year = {1997},
 isbn = {0-8186-8013-X},
 pages = {72},
 publisher = {IEEE Computer Society},
 address = {Washington, DC, USA},
 }

@inproceedings{195281,
 author = {Jackson,, Daniel and Rollins,, Eugene J.},
 title = {A new model of program dependences for reverse engineering},
 booktitle = {SIGSOFT '94: Proceedings of the 2nd ACM SIGSOFT symposium on Foundations of software engineering},
 year = {1994},
 isbn = {0-89791-691-3},
 pages = {2--10},
 location = {New Orleans, Louisiana, United States},
 doi = {http://doi.acm.org/10.1145/193173.195281},
 publisher = {ACM},
 address = {New York, NY, USA},
 }
