
@techreport{CFZ80a,
    author = "P. Franchi-Zannettacci and B. Courcelle",
    title = "Attribute Grammars and Recursive Program Schemes",
    type = "rapport de recherche",
    year = 1980,
    month = Apr,
    institution = "Univ. de Bordeaux I",
    number = "8008",
    annote = "compilacao, atributos"
    }

