@ARTICLE        
@BOOKLET        
@BOOK           
@CONFERENCE     
@INBOOK         
@INCOLLECTION   
@INPROCEEDINGS  
@MANUAL         
@MASTERSTHESIS  
@PHDTHESIS      
@PROCEEDINGS    
@TECHREPORT     
@UNPUBLISHED    

