@techreport{BW83a,
    author = "Manfred Broy and Martin Wirsing",
    title = "Generalized Heterogeneous Algebras and Partial Interpretations",
    year = 1983,
    month = Feb,
    institution = "Institut fur Informatik, TUM",
    note = "(draft version)",
    annote = "espec algebrica"
    }

@inproceedings{1251341,
 author = {David Larochelle and David Evans},
 title = {Statically detecting likely buffer overflow vulnerabilities},
 booktitle = {SSYM'01: Proceedings of the 10th conference on USENIX Security Symposium},
 year = {2001},
 pages = {14--14},
 location = {Washington, D.C.},
 publisher = {USENIX Association},
 address = {Berkeley, CA, USA}
 }

@book{Guy90a,
    author = "Guy L. Steele",
    title = "Common {L}isp -- The {L}anguage",
    edition = "Second edition",
    year = 1990,
    publisher = dp,
    annote = "prog funcional, linguangens"
    }
@book{ASU86a,
    author = "A. V. Aho and R. Sethi and J. D. Ullman",
    title = "Compilers Principles, Techniques and Tools",
    year = 1986,
    publisher = aw,
    annote = "compilacao"
    }

@phdthesis{Pug88a,
        author = "William W. Pugh",
    title = "Incremental Computation and Incremental Evaluation
                        of Function Programs",
    year = 1988,
    school = "Cornell Univ., Dep. of Computer Science",
    annote = "compilacao incremental, atributos, ambientes prog"
    }

@techreport{Rep92a,
        author = "Thomas Reps",
        title = "Scan Grammars: Parallel Attribute Evaluation
                 Via Data-Parallelism",
        year = 1992,
        month = Nov,
        type = "Research Report",
        institution = "University of Wisconsin - Madison",
        }

@article{RTD83a,
    author = "Thomas Reps and Tim Teitelbaum and A. Demers",
    title = "Incremental Context-Dependent Analysis for Language-based
             Editors",
    journal = "ACM Trans. Programming Languages and Systems (TOPLAS)",
    pages = "449--477",
    year = 1983,
    volume = 5,
    number = 3,
    annote = "compilacao incremental, atributos,  ambientes prog"
    }

@techreport{KP87a,
    author = "Kai Koskimies and Jukka Paakki",
    title = "TOOLS: An Unifying Approach to Object-Oriented
              Language Interpretation",
    type = "Research Report",
    year = 1987,
    institution = "Univ. of Helsinki, Depart. of Computer Science",
    note = "(draft)",
    annote = "compilacao, geradores, atributos, oobjectos"
    }

@techreport{CD87a,
    author = "B. Courcelle and P. Deransart",
    title = "Proofs for Partial Correctness for Attribute Grammars
             with Applications to Recursive Procedures and Logic
             Programming",
    year = 1987,
    month = Jan,
    institution = "Univ. de Bordeaux I, U.E.R. de Mathematiques et
	    Informatiques",
    number = "I-8702",
    annote = "compilacao, atributos"
    }

@techreport{CFZ80a,
    author = "B. Courcelle and P. Franchi-Zannettacci",
    title = "Attribute Grammars and Recursive Program Schemes",
    type = "rapport de recherche",
    year = 1980,
    month = Apr,
    institution = "Univ. de Bordeaux I",
    number = "8008",
    annote = "compilacao, atributos"
    }

@ARTICLE{Gram09,
  AUTHOR =       {GrammaTech},
  TITLE =        {Dependence Graphs and Program Slicing},
  YEAR =         {2009},
}

