@techreport{Kos89b,
    author = "Kai Koskimies",
    title = "Techniques for Modular Language Implementation",
    type = "Research Report",
    year = 1989,
    institution = "Univ. of Tampere, Depart. of Computer Science",
    number = "A-1989-5",
    annote = "compilacao, sintaxe, parsing, modular"
    }

@techreport{Kos89a,
    author = "Kai Koskimies",
    title = "Lazy Recursive Descent Parsing for Modular
              Language Implementation",
    type = "Research Report",
    year = 1989,
    institution = "Gesellschaft fur Mathematik und Datenverarbeitung mbH",
    number = "Arbeitspapiere der GMD 376",
    annote = "compilacao, sintaxe, parsing, modular"
    }

