@article{RMT86a,
    author = "Thomas Reps and Carla Marceau and Tim Teitelbaum ",
    title = "Remote Attribute Updating for Language-based Editors",
    journal = "Communications of the ACM",
    year = 1986,
    month = Sep,
    publisher = acm,
    annote = "compilacao incremental, atributos,  ambientes prog"
    }
@book{RT89b,
    author = "Thomas Reps and Tim Teitelbaum",
    title = "The Synthesizer Generator Reference Manual",
    series = "Texts and Monographs in Computer Science",
    year = 1989,
    publisher = sv,
    annote = "compilacao incremental, atributos,  ambientes prog"
    }
@book{RT89b,
    author = "Thomas Reps and Tim Teitelbaum",
    title = "The Synthesizer Generator Reference Manual",
    series = "Texts and Monographs in Computer Science",
    year = 1989,
    publisher = sv,
    annote = "compilacao incremental, atributos,  ambientes prog"
    }
@article{RTD83a,
    author = "Thomas Reps and Tim Teitelbaum and A. Demers",
    title = "Incremental Context-Dependent Analysis for Language-based
             Editors",
    journal = "ACM Trans. Programming Languages and Systems (TOPLAS)",
    pages = "449--477",
    year = 1983,
    volume = 5,
    number = 3,
    publisher = acm,
    annote = "compilacao incremental, atributos,  ambientes prog"
    }

@article{TR81a,
    author = "Tim Teitelbaum and Thomas Reps",
    title = "The Cornell Program Synthesizer: A Syntax-Directed
             Programming Environment",
    journal = "Communications of the ACM",
    year = 1981,
    month = Sep,
    volume = 24,
    number = 9,
    publisher = acm,
    annote = "compilacao incremental, atributos,  ambientes prog"
    }
@techreport{Kos89b,
    author = "Kai Koskimies",
    title = "Techniques for Modular Language Implementation",
    type = "Research Report",
    year = 1989,
    institution = "Univ. of Tampere, Depart. of Computer Science",
    number = "A-1989-5",
    annote = "compilacao, sintaxe, parsing, modular"
    }

@techreport{Kos89a,
    author = "Kai Koskimies",
    title = "Lazy Recursive Descent Parsing for Modular
              Language Implementation",
    type = "Research Report",
    year = 1989,
    institution = "Gesellschaft fur Mathematik und Datenverarbeitung mbH",
    number = "Arbeitspapiere der GMD 376",
    annote = "compilacao, sintaxe, parsing, modular"
    }


