
@techreport{BW83a,
    author = "Manfred Broy and Martin Wirsing",
    title = "Generalized Heterogeneous Algebras and Partial Interpretations",
    year = 1983,
    month = Feb,
    institution = "Institut fur Informatik, TUM",
    note = "(draft version)",
    annote = "espec algebrica"
    }

@inproceedings{1251341,
 author = {David Larochelle and David Evans},
 title = {Statically detecting likely buffer overflow vulnerabilities},
 booktitle = {SSYM'01: Proceedings of the 10th conference on USENIX Security Symposium},
 year = {2001},
 pages = {14--14},
 location = {Washington, D.C.},
 publisher = {USENIX Association},
 address = {Berkeley, CA, USA}
 }

@article{NF89a,
    author = "Tim Nicholson and Normann Foo",
    title = "A Denotational Semantics for {PROLOG}",
    journal = "ACM Transactions on Programming Languages and Systems",
    year = 1989,
    month = Oct,
    volume = 11,
    number = 4,
        pages = "650-665",
    publisher = acm,
    annote = "semantica denotacional, prog logica"
    }


@inproceedings{Hol87a,
    author = "Niklas Holsti",
    title = "Incremental Interaction by Syntax Transformation",
    booktitle = "Compiler Compilers and Incremental Compilation --
                 Proc. of the Workshop, Bautzen",
    pages = "192--210",
    year = 1986, month = Oct,
    publisher = "Akademie der Wissenschaften der DDR,
                 Institut {f\"ur} Informatik und Rechentechnik",
        annote = "compilacao incremental, ambientes prog"
    }

@book{Guy90a,
    author = "Guy L. Steele",
    title = "Common {L}isp -- The {L}anguage",
    edition = "Second edition",
    year = 1990,
    publisher = dp,
    annote = "prog funcional, linguangens"
    }
@book{ASU86a,
    author = "A. V. Aho and R. Sethi and J. D. Ullman",
    title = "Compilers Principles, Techniques and Tools",
    year = 1986,
    publisher = aw,
    annote = "compilacao"
    }

@book{KR88a,
        author = "Brian W. Kernighan and Dennis M. Ritchie",
        title ="The C Programming Language",
        year = 1988,
        publisher = ph
        }

@phdthesis{Bou84a,
        author = "Pierre Boullier",
    title = "Contribution \`a la Construction Automatique
                        d'Analyseur Lexicographiques et Syntaxiques",
    year = 1984,
    school = "Universit\'e d'Orleans",
    annote = "compilacao, parsing, sintaxe, trat erros"
    }

@phdthesis{Pug88a,
        author = "William W. Pugh",
    title = "Incremental Computation and Incremental Evaluation
                        of Function Programs",
    year = 1988,
    school = "Cornell Univ., Dep. of Computer Science",
    annote = "compilacao incremental, atributos, ambientes prog"
    }

@article{RMT86a,
    author = "Thomas Reps and Carla Marceau and Tim Teitelbaum ",
    title = "Remote Attribute Updating for Language-based Editors",
    journal = "Communications of the ACM",
    year = 1986,
    month = Sep,
    publisher = acm,
    annote = "compilacao incremental, atributos,  ambientes prog"
    }

@techreport{Rep92a,
        author = "Thomas Reps",
        title = "Scan Grammars: Parallel Attribute Evaluation
                 Via Data-Parallelism",
        year = 1992,
        month = Nov,
        type = "Research Report",
        institution = "University of Wisconsin - Madison",
        }

@book{RT89b,
    author = "Thomas Reps and Tim Teitelbaum",
    title = "The Synthesizer Generator Reference Manual",
    series = "Texts and Monographs in Computer Science",
    year = 1989,
    publisher = sv,
    annote = "compilacao incremental, atributos,  ambientes prog"
    }

@book{RT89a,
    author = "Thomas Reps and Tim Teitelbaum",
    title = "The Synthesizer Generator: A System for
                 Constructing Language-Based Editors",
    series = "Texts and Monographs in Computer Science",
    year = 1989,
    publisher = sv,
    annote = "compilacao incremental, atributos,  ambientes prog"
    }


@article{RTD83a,
    author = "Thomas Reps and Tim Teitelbaum and A. Demers",
    title = "Incremental Context-Dependent Analysis for Language-based
             Editors",
    journal = "ACM Trans. Programming Languages and Systems (TOPLAS)",
    pages = "449--477",
    year = 1983,
    volume = 5,
    number = 3,
    publisher = acm,
    annote = "compilacao incremental, atributos,  ambientes prog"
    }

@phdthesis{Rep82a,
        author = "Thomas Reps",
    title = "Generating Language-Based Environments",
    year = 1982,
    school = "Cornell University",
    annote = "compilacao incremental, atributos, ambientes prog"
    }

@article{TR81a,
    author = "Tim Teitelbaum and Thomas Reps",
    title = "The Cornell Program Synthesizer: A Syntax-Directed
             Programming Environment",
    journal = "Communications of the ACM",
    year = 1981,
    month = Sep,
    volume = 24,
    number = 9,
    publisher = acm,
    annote = "compilacao incremental, atributos,  ambientes prog"
    }

@phdthesis{Hoo87a,
        author = "Roger Hoover",
    title = "Incremental Graph Evaluation",
    year = 1987,
    month = May,
    school = "Cornell University",
    annote = "compilacao incremental, atributos, ambientes prog"
    }

@inproceedings{JG82a,
    author = "Fahimeh Jalili and Jean Gallier",
    title = "Building Friendly Parsers",
    booktitle = "9th Annual ACM Symp. on Principles of Programming
                 Languages",
    pages = "196--206",
    year = 1982,
    publisher = acm,
    annote = "compilacao, parsing, sintaxe"
    }

@article{Jal85a,
    author = "Fahimeh Jalili",
    title = "A General Incremental Evaluator for Attribute Grammars",
    journal = "Science of Computer Programming",
    pages = "83--96",
    year = 1985,
    volume = 5,
    publisher = nh,
    annote = "atributos, compilacao incremental"
    }

@book{Hun87a,
    author = "Robin Hunter",
    title = "Compiladores: sua Concep\c{c}\~{a}o e
                Programa\c{c}\~ao em Pascal",
    year = 1987,
    series = "Colec\c{c}\~ao Sistemas",
    publisher = "Editorial Presen\c{c}a",
    annote = "compilacao"
    }

@book{Lee89a ,
    author = "Peter Lee",
    title = "Realistic Compiler Generation",
    year = 1989,
    publisher = mit,
    annote = "compilacao, geradores, espec formal, semantica denotacional"
    }
@unpublished{FL88a,
    author = "Carine Fedele and Olivier Lecarme",
    title = "Towards a Toolkit for Building Language Implementations",
    year = 1988,
    note = "Universit\'e de Nice- Sophia Antipolis",
    annote = "compilacao, geradores"
    }

@unpublished{FL90a,
    author = "Carine Fedele and Olivier Lecarme",
    title = "Computer-Aided Building of a Compiler:
            an Example",
    year = 1990,
    note = "Universit\'e de Nice- Sophia Antipolis",
    annote = "compilacao, geradores"
    }

@article{Nau63a,
    author = "P. Naur",
    title = "Revised Report on the Algorithmic language ALGOL 60",
    journal = "Comunication of the ACM",
    pages = "1-17",
    year = 1963,
    volume = 6,
    number = 1,
    publisher = acm,
    annote = "compilacao, linguagem, gramaticas"
    }

@inproceedings{KK90a,
    author = "E. Klein and K. Koskimies",
    title = "Parallel {O}ne-{P}ass {C}ompilation",
    booktitle = "WAGA-90",
    editor = "P. Deransart and M. Jourdan",
    pages = "76--90",
    year = 1990,
    month = Sep,
    publisher = sv,
    note = "LNCS 461",
    annote = "compilacao, parsing, atributos, incremental, concurrencia"
    }

@techreport{Kos89b,
    author = "Kai Koskimies",
    title = "Techniques for Modular Language Implementation",
    type = "Research Report",
    year = 1989,
    institution = "Univ. of Tampere, Depart. of Computer Science",
    number = "A-1989-5",
    annote = "compilacao, sintaxe, parsing, modular"
    }

@techreport{Kos89a,
    author = "Kai Koskimies",
    title = "Lazy Recursive Descent Parsing for Modular
              Language Implementation",
    type = "Research Report",
    year = 1989,
    institution = "Gesellschaft fur Mathematik und Datenverarbeitung mbH",
    number = "Arbeitspapiere der GMD 376",
    annote = "compilacao, sintaxe, parsing, modular"
    }

@phdthesis{Paa91a,
    author = "Jukka Paakki",
    title = "Paradigms for {A}ttribute-{G}rammar-based
                 {L}anguage {I}mplementation",
    year = 1991,
    month = Mar,
    school = "Dep. of Computer Science, University of Helsinki",
    annote = "compilacao, atributos, geradores, paradigmas prog"
    }

@techreport{KELP88a,
    author = "Kai Koskimies and T. Elomaa and T. Lehtonen and J. Paakki",
    title = "TOOLS/HLP84 Report and User Manual",
    type = "Research Report",
    year = 1988,
    institution = "Univ. of Helsinki, Depart. of Computer Science",
    number = "A-1988-2",
    annote = "compilacao, geradores, atributos, oobjectos"
    }

@techreport{KP87a,
    author = "Kai Koskimies and Jukka Paakki",
    title = "TOOLS: An Unifying Approach to Object-Oriented
              Language Interpretation",
    type = "Research Report",
    year = 1987,
    institution = "Univ. of Helsinki, Depart. of Computer Science",
    note = "(draft)",
    annote = "compilacao, geradores, atributos, oobjectos"
    }

@techreport{KNPS86a,
    author = "Kai Koskimies and O. Nurmi and J. Paakki and S. Sippu",
    title = "The Design of the Language Processor Generator HLP84",
    type = "Techn. Report",
    year = 1986,
    institution = "Univ. of Helsinki, Depart. of Computer Science",
    number = "A-1986-4",
    annote = "compilacao, atributos, geradores"
    }

@article{Kos85a,
    author = "Kai Koskimies",
    title = "A Note on One-Pass Evaluation of Attribute Grammars",
    journal = "{BIT}",
    pages = "439-450",
    year = 1985,
    volume = 25,
    publisher = nh,
    annote = "compilacao, atributos"
    }
@article{Knu68a,
    author = "Donald E. Knuth",
    title = "Semantics of Context-Free Languages",
    journal = "Mathematical Systems Theory",
    pages = "127--145",
    year = 1968,
    volume = 2,
    number = 2,
    publisher = sv,
    annote = "compilacao, atributos"
    }

@inproceedings{Tie80a,
    author = "Martti Tienari",
    title = "On the Definition of an Attribute Grammar",
    booktitle = "Semantics-Directed Compiler Generation",
    editor = "Neil D. Jones",
    pages = "408--414",
    year = 1980,
    month = Jan,
    publisher = sv,
    note = "LNCS 94",
    annote = "compilacao, atributos"
    }

@techreport{CD87a,
    author = "B. Courcelle and P. Deransart",
    title = "Proofs for Partial Correctness for Attribute Grammars
             with Applications to Recursive Procedures and Logic
             Programming",
    year = 1987,
    month = Jan,
    institution = "Univ. de Bordeaux I, U.E.R. de Math\'ematiques et
                   Informatiques",
    number = "I-8702",
    annote = "compilacao, atributos"
    }

@article{CFZ82a,
    author = "B. Courcelle and P. Franchi-Zannettacci",
    title = "Attribute Grammars and Recursive Program Schemes",
    journal = "Theoretical Computer Science",
    pages = "163--191 and 235--257",
    year = 1982,
    volume = 17,
    publisher = nh,
    annote = "compilacao, atributos"
    }

@techreport{CFZ80a,
    author = "B. Courcelle and P. Franchi-Zannettacci",
    title = "Attribute Grammars and Recursive Program Schemes",
    type = "rapport de recherche",
    year = 1980,
    month = Apr,
    institution = "Univ. de Bordeaux I",
    number = "8008",
    annote = "compilacao, atributos"
    }

@ARTICLE{Gram09,
  AUTHOR =       {GrammaTech},
  TITLE =        {Dependence Graphs and Program Slicing},
  YEAR =         {2009},
}


